<?xml version="1.0" encoding="utf-8" ?>
<gnc-v2
     xmlns:gnc="http://www.gnucash.org/XML/gnc"
     xmlns:act="http://www.gnucash.org/XML/act"
     xmlns:book="http://www.gnucash.org/XML/book"
     xmlns:cd="http://www.gnucash.org/XML/cd"
     xmlns:cmdty="http://www.gnucash.org/XML/cmdty"
     xmlns:price="http://www.gnucash.org/XML/price"
     xmlns:slot="http://www.gnucash.org/XML/slot"
     xmlns:split="http://www.gnucash.org/XML/split"
     xmlns:sx="http://www.gnucash.org/XML/sx"
     xmlns:trn="http://www.gnucash.org/XML/trn"
     xmlns:ts="http://www.gnucash.org/XML/ts"
     xmlns:fs="http://www.gnucash.org/XML/fs"
     xmlns:bgt="http://www.gnucash.org/XML/bgt"
     xmlns:recurrence="http://www.gnucash.org/XML/recurrence"
     xmlns:lot="http://www.gnucash.org/XML/lot"
     xmlns:addr="http://www.gnucash.org/XML/addr"
     xmlns:billterm="http://www.gnucash.org/XML/billterm"
     xmlns:bt-days="http://www.gnucash.org/XML/bt-days"
     xmlns:bt-prox="http://www.gnucash.org/XML/bt-prox"
     xmlns:cust="http://www.gnucash.org/XML/cust"
     xmlns:employee="http://www.gnucash.org/XML/employee"
     xmlns:entry="http://www.gnucash.org/XML/entry"
     xmlns:invoice="http://www.gnucash.org/XML/invoice"
     xmlns:job="http://www.gnucash.org/XML/job"
     xmlns:order="http://www.gnucash.org/XML/order"
     xmlns:owner="http://www.gnucash.org/XML/owner"
     xmlns:taxtable="http://www.gnucash.org/XML/taxtable"
     xmlns:tte="http://www.gnucash.org/XML/tte"
     xmlns:vendor="http://www.gnucash.org/XML/vendor">
<gnc:count-data cd:type="book">1</gnc:count-data>
<gnc:book version="2.0.0">
<book:id type="guid">ee21bcb74ba74708a903632d30f7e087</book:id>
<book:slots>
  <slot>
    <slot:key>counter_formats</slot:key>
    <slot:value type="frame"/>
  </slot>
  <slot>
    <slot:key>options</slot:key>
    <slot:value type="frame">
      <slot>
        <slot:key>Budgeting</slot:key>
        <slot:value type="frame"/>
      </slot>
    </slot:value>
  </slot>
  <slot>
    <slot:key>remove-color-not-set-slots</slot:key>
    <slot:value type="string">true</slot:value>
  </slot>
</book:slots>
<gnc:count-data cd:type="commodity">1</gnc:count-data>
<gnc:count-data cd:type="account">64</gnc:count-data>
<gnc:count-data cd:type="transaction">4</gnc:count-data>
<gnc:count-data cd:type="schedxaction">1</gnc:count-data>
<gnc:commodity version="2.0.0">
  <cmdty:space>CURRENCY</cmdty:space>
  <cmdty:id>EUR</cmdty:id>
  <cmdty:get_quotes/>
  <cmdty:quote_source>currency</cmdty:quote_source>
  <cmdty:quote_tz/>
</gnc:commodity>
<gnc:commodity version="2.0.0">
  <cmdty:space>template</cmdty:space>
  <cmdty:id>template</cmdty:id>
  <cmdty:name>template</cmdty:name>
  <cmdty:xcode>template</cmdty:xcode>
  <cmdty:fraction>1</cmdty:fraction>
</gnc:commodity>
<gnc:account version="2.0.0">
  <act:name>Root Account</act:name>
  <act:id type="guid">121045e62ce042faa249f1f997afd5a0</act:id>
  <act:type>ROOT</act:type>
  <act:commodity>
    <cmdty:space>CURRENCY</cmdty:space>
    <cmdty:id>EUR</cmdty:id>
  </act:commodity>
  <act:commodity-scu>100</act:commodity-scu>
</gnc:account>
<gnc:account version="2.0.0">
  <act:name>Assets</act:name>
  <act:id type="guid">8468bbbf50a445fca8c3a1d5a573d30a</act:id>
  <act:type>ASSET</act:type>
  <act:commodity>
    <cmdty:space>CURRENCY</cmdty:space>
    <cmdty:id>EUR</cmdty:id>
  </act:commodity>
  <act:commodity-scu>100</act:commodity-scu>
  <act:description>Assets</act:description>
  <act:slots>
    <slot>
      <slot:key>placeholder</slot:key>
      <slot:value type="string">true</slot:value>
    </slot>
  </act:slots>
  <act:parent type="guid">121045e62ce042faa249f1f997afd5a0</act:parent>
</gnc:account>
<gnc:account version="2.0.0">
  <act:name>Current Assets</act:name>
  <act:id type="guid">df564ee5777a45eea057e2a5143d8cfa</act:id>
  <act:type>ASSET</act:type>
  <act:commodity>
    <cmdty:space>CURRENCY</cmdty:space>
    <cmdty:id>EUR</cmdty:id>
  </act:commodity>
  <act:commodity-scu>100</act:commodity-scu>
  <act:description>Current Assets</act:description>
  <act:slots>
    <slot>
      <slot:key>placeholder</slot:key>
      <slot:value type="string">true</slot:value>
    </slot>
  </act:slots>
  <act:parent type="guid">8468bbbf50a445fca8c3a1d5a573d30a</act:parent>
</gnc:account>
<gnc:account version="2.0.0">
  <act:name>Checking Account</act:name>
  <act:id type="guid">6536691459e4412fa4f182ba23562efe</act:id>
  <act:type>BANK</act:type>
  <act:commodity>
    <cmdty:space>CURRENCY</cmdty:space>
    <cmdty:id>EUR</cmdty:id>
  </act:commodity>
  <act:commodity-scu>100</act:commodity-scu>
  <act:description>Checking Account</act:description>
  <act:parent type="guid">df564ee5777a45eea057e2a5143d8cfa</act:parent>
</gnc:account>
<gnc:account version="2.0.0">
  <act:name>Savings Account</act:name>
  <act:id type="guid">dbaf132f424c4881bf125353c23b58b0</act:id>
  <act:type>BANK</act:type>
  <act:commodity>
    <cmdty:space>CURRENCY</cmdty:space>
    <cmdty:id>EUR</cmdty:id>
  </act:commodity>
  <act:commodity-scu>100</act:commodity-scu>
  <act:description>Savings Account</act:description>
  <act:parent type="guid">df564ee5777a45eea057e2a5143d8cfa</act:parent>
</gnc:account>
<gnc:account version="2.0.0">
  <act:name>Cash in Wallet</act:name>
  <act:id type="guid">da9cedee32e74fbb96b1ed2ac42b2ddc</act:id>
  <act:type>CASH</act:type>
  <act:commodity>
    <cmdty:space>CURRENCY</cmdty:space>
    <cmdty:id>EUR</cmdty:id>
  </act:commodity>
  <act:commodity-scu>100</act:commodity-scu>
  <act:description>Cash in Wallet</act:description>
  <act:parent type="guid">df564ee5777a45eea057e2a5143d8cfa</act:parent>
</gnc:account>
<gnc:account version="2.0.0">
  <act:name>Liabilities</act:name>
  <act:id type="guid">81a7f5453ae547a58e1dae1f080443eb</act:id>
  <act:type>LIABILITY</act:type>
  <act:commodity>
    <cmdty:space>CURRENCY</cmdty:space>
    <cmdty:id>EUR</cmdty:id>
  </act:commodity>
  <act:commodity-scu>100</act:commodity-scu>
  <act:description>Liabilities</act:description>
  <act:slots>
    <slot>
      <slot:key>placeholder</slot:key>
      <slot:value type="string">true</slot:value>
    </slot>
  </act:slots>
  <act:parent type="guid">121045e62ce042faa249f1f997afd5a0</act:parent>
</gnc:account>
<gnc:account version="2.0.0">
  <act:name>Credit Card</act:name>
  <act:id type="guid">33ce6afecc4b48448f11bb50ca597b1c</act:id>
  <act:type>CREDIT</act:type>
  <act:commodity>
    <cmdty:space>CURRENCY</cmdty:space>
    <cmdty:id>EUR</cmdty:id>
  </act:commodity>
  <act:commodity-scu>100</act:commodity-scu>
  <act:description>Credit Card</act:description>
  <act:parent type="guid">81a7f5453ae547a58e1dae1f080443eb</act:parent>
</gnc:account>
<gnc:account version="2.0.0">
  <act:name>Income</act:name>
  <act:id type="guid">afb1f34a696941ec8d33484451a99371</act:id>
  <act:type>INCOME</act:type>
  <act:commodity>
    <cmdty:space>CURRENCY</cmdty:space>
    <cmdty:id>EUR</cmdty:id>
  </act:commodity>
  <act:commodity-scu>100</act:commodity-scu>
  <act:description>Income</act:description>
  <act:slots>
    <slot>
      <slot:key>placeholder</slot:key>
      <slot:value type="string">true</slot:value>
    </slot>
  </act:slots>
  <act:parent type="guid">121045e62ce042faa249f1f997afd5a0</act:parent>
</gnc:account>
<gnc:account version="2.0.0">
  <act:name>Bonus</act:name>
  <act:id type="guid">97141966fff2461d9c8f78a0fec6df9e</act:id>
  <act:type>INCOME</act:type>
  <act:commodity>
    <cmdty:space>CURRENCY</cmdty:space>
    <cmdty:id>EUR</cmdty:id>
  </act:commodity>
  <act:commodity-scu>100</act:commodity-scu>
  <act:description>Bonus</act:description>
  <act:parent type="guid">afb1f34a696941ec8d33484451a99371</act:parent>
</gnc:account>
<gnc:account version="2.0.0">
  <act:name>Gifts Received</act:name>
  <act:id type="guid">0751e176ffe04d2285bf01e8efb20b8b</act:id>
  <act:type>INCOME</act:type>
  <act:commodity>
    <cmdty:space>CURRENCY</cmdty:space>
    <cmdty:id>EUR</cmdty:id>
  </act:commodity>
  <act:commodity-scu>100</act:commodity-scu>
  <act:description>Gifts Received</act:description>
  <act:parent type="guid">afb1f34a696941ec8d33484451a99371</act:parent>
</gnc:account>
<gnc:account version="2.0.0">
  <act:name>Interest Income</act:name>
  <act:id type="guid">80534adc5d9843cfa6b433fbf7ee95b5</act:id>
  <act:type>INCOME</act:type>
  <act:commodity>
    <cmdty:space>CURRENCY</cmdty:space>
    <cmdty:id>EUR</cmdty:id>
  </act:commodity>
  <act:commodity-scu>100</act:commodity-scu>
  <act:description>Interest Income</act:description>
  <act:parent type="guid">afb1f34a696941ec8d33484451a99371</act:parent>
</gnc:account>
<gnc:account version="2.0.0">
  <act:name>Checking Interest</act:name>
  <act:id type="guid">0188498fd7f54d6aa0217baa774ff737</act:id>
  <act:type>INCOME</act:type>
  <act:commodity>
    <cmdty:space>CURRENCY</cmdty:space>
    <cmdty:id>EUR</cmdty:id>
  </act:commodity>
  <act:commodity-scu>100</act:commodity-scu>
  <act:description>Checking Interest</act:description>
  <act:parent type="guid">80534adc5d9843cfa6b433fbf7ee95b5</act:parent>
</gnc:account>
<gnc:account version="2.0.0">
  <act:name>Other Interest</act:name>
  <act:id type="guid">0c79a81cd88145b384b8d470bc5ef464</act:id>
  <act:type>INCOME</act:type>
  <act:commodity>
    <cmdty:space>CURRENCY</cmdty:space>
    <cmdty:id>EUR</cmdty:id>
  </act:commodity>
  <act:commodity-scu>100</act:commodity-scu>
  <act:description>Other Interest</act:description>
  <act:parent type="guid">80534adc5d9843cfa6b433fbf7ee95b5</act:parent>
</gnc:account>
<gnc:account version="2.0.0">
  <act:name>Savings Interest</act:name>
  <act:id type="guid">53d52cd04a194db88db3a578d1629472</act:id>
  <act:type>INCOME</act:type>
  <act:commodity>
    <cmdty:space>CURRENCY</cmdty:space>
    <cmdty:id>EUR</cmdty:id>
  </act:commodity>
  <act:commodity-scu>100</act:commodity-scu>
  <act:description>Savings Interest</act:description>
  <act:parent type="guid">80534adc5d9843cfa6b433fbf7ee95b5</act:parent>
</gnc:account>
<gnc:account version="2.0.0">
  <act:name>Other Income</act:name>
  <act:id type="guid">a4ed33f03f514fc4aaf2e84e016d10f7</act:id>
  <act:type>INCOME</act:type>
  <act:commodity>
    <cmdty:space>CURRENCY</cmdty:space>
    <cmdty:id>EUR</cmdty:id>
  </act:commodity>
  <act:commodity-scu>100</act:commodity-scu>
  <act:description>Other Income</act:description>
  <act:parent type="guid">afb1f34a696941ec8d33484451a99371</act:parent>
</gnc:account>
<gnc:account version="2.0.0">
  <act:name>Salary</act:name>
  <act:id type="guid">f1ad76f73f2e4080bea7da15bcef1ca8</act:id>
  <act:type>INCOME</act:type>
  <act:commodity>
    <cmdty:space>CURRENCY</cmdty:space>
    <cmdty:id>EUR</cmdty:id>
  </act:commodity>
  <act:commodity-scu>100</act:commodity-scu>
  <act:description>Salary</act:description>
  <act:parent type="guid">afb1f34a696941ec8d33484451a99371</act:parent>
</gnc:account>
<gnc:account version="2.0.0">
  <act:name>Expenses</act:name>
  <act:id type="guid">41f1b2427d654359bc37d55021f7e38a</act:id>
  <act:type>EXPENSE</act:type>
  <act:commodity>
    <cmdty:space>CURRENCY</cmdty:space>
    <cmdty:id>EUR</cmdty:id>
  </act:commodity>
  <act:commodity-scu>100</act:commodity-scu>
  <act:description>Expenses</act:description>
  <act:slots>
    <slot>
      <slot:key>placeholder</slot:key>
      <slot:value type="string">true</slot:value>
    </slot>
  </act:slots>
  <act:parent type="guid">121045e62ce042faa249f1f997afd5a0</act:parent>
</gnc:account>
<gnc:account version="2.0.0">
  <act:name>Adjustment</act:name>
  <act:id type="guid">51fc6ae9f7d94df9b627c8716eda2608</act:id>
  <act:type>EXPENSE</act:type>
  <act:commodity>
    <cmdty:space>CURRENCY</cmdty:space>
    <cmdty:id>EUR</cmdty:id>
  </act:commodity>
  <act:commodity-scu>100</act:commodity-scu>
  <act:description>Adjustment</act:description>
  <act:parent type="guid">41f1b2427d654359bc37d55021f7e38a</act:parent>
</gnc:account>
<gnc:account version="2.0.0">
  <act:name>Auto</act:name>
  <act:id type="guid">98d3c4a07c2e4f05b7ceb3f5851cebe0</act:id>
  <act:type>EXPENSE</act:type>
  <act:commodity>
    <cmdty:space>CURRENCY</cmdty:space>
    <cmdty:id>EUR</cmdty:id>
  </act:commodity>
  <act:commodity-scu>100</act:commodity-scu>
  <act:description>Auto</act:description>
  <act:parent type="guid">41f1b2427d654359bc37d55021f7e38a</act:parent>
</gnc:account>
<gnc:account version="2.0.0">
  <act:name>Fees</act:name>
  <act:id type="guid">68e68cf8a45b4959b8f6aeadaa7ca8ac</act:id>
  <act:type>EXPENSE</act:type>
  <act:commodity>
    <cmdty:space>CURRENCY</cmdty:space>
    <cmdty:id>EUR</cmdty:id>
  </act:commodity>
  <act:commodity-scu>100</act:commodity-scu>
  <act:description>Fees</act:description>
  <act:parent type="guid">98d3c4a07c2e4f05b7ceb3f5851cebe0</act:parent>
</gnc:account>
<gnc:account version="2.0.0">
  <act:name>Gas</act:name>
  <act:id type="guid">ba23a7a5e5214e65a863f362195d4317</act:id>
  <act:type>EXPENSE</act:type>
  <act:commodity>
    <cmdty:space>CURRENCY</cmdty:space>
    <cmdty:id>EUR</cmdty:id>
  </act:commodity>
  <act:commodity-scu>100</act:commodity-scu>
  <act:description>Gas</act:description>
  <act:parent type="guid">98d3c4a07c2e4f05b7ceb3f5851cebe0</act:parent>
</gnc:account>
<gnc:account version="2.0.0">
  <act:name>Parking</act:name>
  <act:id type="guid">a714fa1fee6d44f981d90ac2333351e4</act:id>
  <act:type>EXPENSE</act:type>
  <act:commodity>
    <cmdty:space>CURRENCY</cmdty:space>
    <cmdty:id>EUR</cmdty:id>
  </act:commodity>
  <act:commodity-scu>100</act:commodity-scu>
  <act:description>Parking</act:description>
  <act:parent type="guid">98d3c4a07c2e4f05b7ceb3f5851cebe0</act:parent>
</gnc:account>
<gnc:account version="2.0.0">
  <act:name>Repair and Maintenance</act:name>
  <act:id type="guid">f7501902fd31478eaf14328da87526dd</act:id>
  <act:type>EXPENSE</act:type>
  <act:commodity>
    <cmdty:space>CURRENCY</cmdty:space>
    <cmdty:id>EUR</cmdty:id>
  </act:commodity>
  <act:commodity-scu>100</act:commodity-scu>
  <act:description>Repair and Maintenance</act:description>
  <act:parent type="guid">98d3c4a07c2e4f05b7ceb3f5851cebe0</act:parent>
</gnc:account>
<gnc:account version="2.0.0">
  <act:name>Bank Service Charge</act:name>
  <act:id type="guid">cf65a6ed195c4a9f9ebbb4482f1df2b8</act:id>
  <act:type>EXPENSE</act:type>
  <act:commodity>
    <cmdty:space>CURRENCY</cmdty:space>
    <cmdty:id>EUR</cmdty:id>
  </act:commodity>
  <act:commodity-scu>100</act:commodity-scu>
  <act:description>Bank Service Charge</act:description>
  <act:parent type="guid">41f1b2427d654359bc37d55021f7e38a</act:parent>
</gnc:account>
<gnc:account version="2.0.0">
  <act:name>Books</act:name>
  <act:id type="guid">97c2d5b268164b479944e221ae0267f1</act:id>
  <act:type>EXPENSE</act:type>
  <act:commodity>
    <cmdty:space>CURRENCY</cmdty:space>
    <cmdty:id>EUR</cmdty:id>
  </act:commodity>
  <act:commodity-scu>100</act:commodity-scu>
  <act:description>Books</act:description>
  <act:parent type="guid">41f1b2427d654359bc37d55021f7e38a</act:parent>
</gnc:account>
<gnc:account version="2.0.0">
  <act:name>Cable</act:name>
  <act:id type="guid">f0a2d31546a54158ab56d22d86fdeaec</act:id>
  <act:type>EXPENSE</act:type>
  <act:commodity>
    <cmdty:space>CURRENCY</cmdty:space>
    <cmdty:id>EUR</cmdty:id>
  </act:commodity>
  <act:commodity-scu>100</act:commodity-scu>
  <act:description>Cable</act:description>
  <act:parent type="guid">41f1b2427d654359bc37d55021f7e38a</act:parent>
</gnc:account>
<gnc:account version="2.0.0">
  <act:name>Charity</act:name>
  <act:id type="guid">c7e44318f7184c9a9473a926adf1945a</act:id>
  <act:type>EXPENSE</act:type>
  <act:commodity>
    <cmdty:space>CURRENCY</cmdty:space>
    <cmdty:id>EUR</cmdty:id>
  </act:commodity>
  <act:commodity-scu>100</act:commodity-scu>
  <act:description>Charity</act:description>
  <act:parent type="guid">41f1b2427d654359bc37d55021f7e38a</act:parent>
</gnc:account>
<gnc:account version="2.0.0">
  <act:name>Clothes</act:name>
  <act:id type="guid">5fe6c3dcb6854aa4a7284f1c8c1694fd</act:id>
  <act:type>EXPENSE</act:type>
  <act:commodity>
    <cmdty:space>CURRENCY</cmdty:space>
    <cmdty:id>EUR</cmdty:id>
  </act:commodity>
  <act:commodity-scu>100</act:commodity-scu>
  <act:description>Clothes</act:description>
  <act:parent type="guid">41f1b2427d654359bc37d55021f7e38a</act:parent>
</gnc:account>
<gnc:account version="2.0.0">
  <act:name>Computer</act:name>
  <act:id type="guid">13c3ff3a5356481eb8df846309c883ea</act:id>
  <act:type>EXPENSE</act:type>
  <act:commodity>
    <cmdty:space>CURRENCY</cmdty:space>
    <cmdty:id>EUR</cmdty:id>
  </act:commodity>
  <act:commodity-scu>100</act:commodity-scu>
  <act:description>Computer</act:description>
  <act:parent type="guid">41f1b2427d654359bc37d55021f7e38a</act:parent>
</gnc:account>
<gnc:account version="2.0.0">
  <act:name>Dining</act:name>
  <act:id type="guid">cc48e85883eb467780e307b16f26b25f</act:id>
  <act:type>EXPENSE</act:type>
  <act:commodity>
    <cmdty:space>CURRENCY</cmdty:space>
    <cmdty:id>EUR</cmdty:id>
  </act:commodity>
  <act:commodity-scu>100</act:commodity-scu>
  <act:description>Dining</act:description>
  <act:parent type="guid">41f1b2427d654359bc37d55021f7e38a</act:parent>
</gnc:account>
<gnc:account version="2.0.0">
  <act:name>Education</act:name>
  <act:id type="guid">4c7a43144b99496ea74b135d65da4f10</act:id>
  <act:type>EXPENSE</act:type>
  <act:commodity>
    <cmdty:space>CURRENCY</cmdty:space>
    <cmdty:id>EUR</cmdty:id>
  </act:commodity>
  <act:commodity-scu>100</act:commodity-scu>
  <act:description>Education</act:description>
  <act:parent type="guid">41f1b2427d654359bc37d55021f7e38a</act:parent>
</gnc:account>
<gnc:account version="2.0.0">
  <act:name>Entertainment</act:name>
  <act:id type="guid">f074d9db9e114d26aad2ee99d3e5e214</act:id>
  <act:type>EXPENSE</act:type>
  <act:commodity>
    <cmdty:space>CURRENCY</cmdty:space>
    <cmdty:id>EUR</cmdty:id>
  </act:commodity>
  <act:commodity-scu>100</act:commodity-scu>
  <act:description>Entertainment</act:description>
  <act:parent type="guid">41f1b2427d654359bc37d55021f7e38a</act:parent>
</gnc:account>
<gnc:account version="2.0.0">
  <act:name>Music/Movies</act:name>
  <act:id type="guid">108c1b3f78524e4ca429a428041d3bfe</act:id>
  <act:type>EXPENSE</act:type>
  <act:commodity>
    <cmdty:space>CURRENCY</cmdty:space>
    <cmdty:id>EUR</cmdty:id>
  </act:commodity>
  <act:commodity-scu>100</act:commodity-scu>
  <act:description>Music/Movies</act:description>
  <act:parent type="guid">f074d9db9e114d26aad2ee99d3e5e214</act:parent>
</gnc:account>
<gnc:account version="2.0.0">
  <act:name>Recreation</act:name>
  <act:id type="guid">088ffc2fc5984619a889100f262ab2ff</act:id>
  <act:type>EXPENSE</act:type>
  <act:commodity>
    <cmdty:space>CURRENCY</cmdty:space>
    <cmdty:id>EUR</cmdty:id>
  </act:commodity>
  <act:commodity-scu>100</act:commodity-scu>
  <act:description>Recreation</act:description>
  <act:parent type="guid">f074d9db9e114d26aad2ee99d3e5e214</act:parent>
</gnc:account>
<gnc:account version="2.0.0">
  <act:name>Travel</act:name>
  <act:id type="guid">c695c13784fd4c55a427a7a84103444b</act:id>
  <act:type>EXPENSE</act:type>
  <act:commodity>
    <cmdty:space>CURRENCY</cmdty:space>
    <cmdty:id>EUR</cmdty:id>
  </act:commodity>
  <act:commodity-scu>100</act:commodity-scu>
  <act:description>Travel</act:description>
  <act:parent type="guid">f074d9db9e114d26aad2ee99d3e5e214</act:parent>
</gnc:account>
<gnc:account version="2.0.0">
  <act:name>Gifts</act:name>
  <act:id type="guid">b586818013824908be4030baf64f5d6e</act:id>
  <act:type>EXPENSE</act:type>
  <act:commodity>
    <cmdty:space>CURRENCY</cmdty:space>
    <cmdty:id>EUR</cmdty:id>
  </act:commodity>
  <act:commodity-scu>100</act:commodity-scu>
  <act:description>Gifts</act:description>
  <act:parent type="guid">41f1b2427d654359bc37d55021f7e38a</act:parent>
</gnc:account>
<gnc:account version="2.0.0">
  <act:name>Groceries</act:name>
  <act:id type="guid">5a4909bbdcd14cfdb52d4eb0b750e67f</act:id>
  <act:type>EXPENSE</act:type>
  <act:commodity>
    <cmdty:space>CURRENCY</cmdty:space>
    <cmdty:id>EUR</cmdty:id>
  </act:commodity>
  <act:commodity-scu>100</act:commodity-scu>
  <act:description>Groceries</act:description>
  <act:parent type="guid">41f1b2427d654359bc37d55021f7e38a</act:parent>
</gnc:account>
<gnc:account version="2.0.0">
  <act:name>Hobbies</act:name>
  <act:id type="guid">12fa9b8c630f43f985eeb625f337ddb4</act:id>
  <act:type>EXPENSE</act:type>
  <act:commodity>
    <cmdty:space>CURRENCY</cmdty:space>
    <cmdty:id>EUR</cmdty:id>
  </act:commodity>
  <act:commodity-scu>100</act:commodity-scu>
  <act:description>Hobbies</act:description>
  <act:parent type="guid">41f1b2427d654359bc37d55021f7e38a</act:parent>
</gnc:account>
<gnc:account version="2.0.0">
  <act:name>Insurance</act:name>
  <act:id type="guid">054c9701e53d4e60a0633238dded8175</act:id>
  <act:type>EXPENSE</act:type>
  <act:commodity>
    <cmdty:space>CURRENCY</cmdty:space>
    <cmdty:id>EUR</cmdty:id>
  </act:commodity>
  <act:commodity-scu>100</act:commodity-scu>
  <act:description>Insurance</act:description>
  <act:parent type="guid">41f1b2427d654359bc37d55021f7e38a</act:parent>
</gnc:account>
<gnc:account version="2.0.0">
  <act:name>Auto Insurance</act:name>
  <act:id type="guid">1e304c780a5b4f5a98a66a8ade42ffb4</act:id>
  <act:type>EXPENSE</act:type>
  <act:commodity>
    <cmdty:space>CURRENCY</cmdty:space>
    <cmdty:id>EUR</cmdty:id>
  </act:commodity>
  <act:commodity-scu>100</act:commodity-scu>
  <act:description>Auto Insurance</act:description>
  <act:parent type="guid">054c9701e53d4e60a0633238dded8175</act:parent>
</gnc:account>
<gnc:account version="2.0.0">
  <act:name>Health Insurance</act:name>
  <act:id type="guid">2f23c74a945c401aa8757f0f1f00383a</act:id>
  <act:type>EXPENSE</act:type>
  <act:commodity>
    <cmdty:space>CURRENCY</cmdty:space>
    <cmdty:id>EUR</cmdty:id>
  </act:commodity>
  <act:commodity-scu>100</act:commodity-scu>
  <act:description>Health Insurance</act:description>
  <act:parent type="guid">054c9701e53d4e60a0633238dded8175</act:parent>
</gnc:account>
<gnc:account version="2.0.0">
  <act:name>Life Insurance</act:name>
  <act:id type="guid">99ede72c90dc42b69b909829ee4e9c01</act:id>
  <act:type>EXPENSE</act:type>
  <act:commodity>
    <cmdty:space>CURRENCY</cmdty:space>
    <cmdty:id>EUR</cmdty:id>
  </act:commodity>
  <act:commodity-scu>100</act:commodity-scu>
  <act:description>Life Insurance</act:description>
  <act:parent type="guid">054c9701e53d4e60a0633238dded8175</act:parent>
</gnc:account>
<gnc:account version="2.0.0">
  <act:name>Laundry/Dry Cleaning</act:name>
  <act:id type="guid">53687b83f599437c983caedbf2a13bd7</act:id>
  <act:type>EXPENSE</act:type>
  <act:commodity>
    <cmdty:space>CURRENCY</cmdty:space>
    <cmdty:id>EUR</cmdty:id>
  </act:commodity>
  <act:commodity-scu>100</act:commodity-scu>
  <act:description>Laundry/Dry Cleaning</act:description>
  <act:parent type="guid">41f1b2427d654359bc37d55021f7e38a</act:parent>
</gnc:account>
<gnc:account version="2.0.0">
  <act:name>Medical Expenses</act:name>
  <act:id type="guid">c90eb2eff93b4cdabc338a493b2df471</act:id>
  <act:type>EXPENSE</act:type>
  <act:commodity>
    <cmdty:space>CURRENCY</cmdty:space>
    <cmdty:id>EUR</cmdty:id>
  </act:commodity>
  <act:commodity-scu>100</act:commodity-scu>
  <act:description>Medical Expenses</act:description>
  <act:parent type="guid">41f1b2427d654359bc37d55021f7e38a</act:parent>
</gnc:account>
<gnc:account version="2.0.0">
  <act:name>Miscellaneous</act:name>
  <act:id type="guid">5482488937d44c5ba501e766af92c947</act:id>
  <act:type>EXPENSE</act:type>
  <act:commodity>
    <cmdty:space>CURRENCY</cmdty:space>
    <cmdty:id>EUR</cmdty:id>
  </act:commodity>
  <act:commodity-scu>100</act:commodity-scu>
  <act:description>Miscellaneous</act:description>
  <act:parent type="guid">41f1b2427d654359bc37d55021f7e38a</act:parent>
</gnc:account>
<gnc:account version="2.0.0">
  <act:name>Online Services</act:name>
  <act:id type="guid">d182f06de15a4164adbe1c72470d7349</act:id>
  <act:type>EXPENSE</act:type>
  <act:commodity>
    <cmdty:space>CURRENCY</cmdty:space>
    <cmdty:id>EUR</cmdty:id>
  </act:commodity>
  <act:commodity-scu>100</act:commodity-scu>
  <act:description>Online Services</act:description>
  <act:parent type="guid">41f1b2427d654359bc37d55021f7e38a</act:parent>
</gnc:account>
<gnc:account version="2.0.0">
  <act:name>Phone</act:name>
  <act:id type="guid">dd17625c6ef04fcea2112eee8cf3865f</act:id>
  <act:type>EXPENSE</act:type>
  <act:commodity>
    <cmdty:space>CURRENCY</cmdty:space>
    <cmdty:id>EUR</cmdty:id>
  </act:commodity>
  <act:commodity-scu>100</act:commodity-scu>
  <act:description>Phone</act:description>
  <act:parent type="guid">41f1b2427d654359bc37d55021f7e38a</act:parent>
</gnc:account>
<gnc:account version="2.0.0">
  <act:name>Public Transportation</act:name>
  <act:id type="guid">a2254b3366e04232bea554398b0d5961</act:id>
  <act:type>EXPENSE</act:type>
  <act:commodity>
    <cmdty:space>CURRENCY</cmdty:space>
    <cmdty:id>EUR</cmdty:id>
  </act:commodity>
  <act:commodity-scu>100</act:commodity-scu>
  <act:description>Public Transportation</act:description>
  <act:parent type="guid">41f1b2427d654359bc37d55021f7e38a</act:parent>
</gnc:account>
<gnc:account version="2.0.0">
  <act:name>Subscriptions</act:name>
  <act:id type="guid">6ad87957e1d747bcafdbe76d108de31e</act:id>
  <act:type>EXPENSE</act:type>
  <act:commodity>
    <cmdty:space>CURRENCY</cmdty:space>
    <cmdty:id>EUR</cmdty:id>
  </act:commodity>
  <act:commodity-scu>100</act:commodity-scu>
  <act:description>Subscriptions</act:description>
  <act:parent type="guid">41f1b2427d654359bc37d55021f7e38a</act:parent>
</gnc:account>
<gnc:account version="2.0.0">
  <act:name>Supplies</act:name>
  <act:id type="guid">c9d31994d58743a1baa383b872626180</act:id>
  <act:type>EXPENSE</act:type>
  <act:commodity>
    <cmdty:space>CURRENCY</cmdty:space>
    <cmdty:id>EUR</cmdty:id>
  </act:commodity>
  <act:commodity-scu>100</act:commodity-scu>
  <act:description>Supplies</act:description>
  <act:parent type="guid">41f1b2427d654359bc37d55021f7e38a</act:parent>
</gnc:account>
<gnc:account version="2.0.0">
  <act:name>Taxes</act:name>
  <act:id type="guid">913acd94894349c9bb82dc6b58801d43</act:id>
  <act:type>EXPENSE</act:type>
  <act:commodity>
    <cmdty:space>CURRENCY</cmdty:space>
    <cmdty:id>EUR</cmdty:id>
  </act:commodity>
  <act:commodity-scu>100</act:commodity-scu>
  <act:description>Taxes</act:description>
  <act:parent type="guid">41f1b2427d654359bc37d55021f7e38a</act:parent>
</gnc:account>
<gnc:account version="2.0.0">
  <act:name>Federal</act:name>
  <act:id type="guid">b6801f852f07491cb307696afb88fe64</act:id>
  <act:type>EXPENSE</act:type>
  <act:commodity>
    <cmdty:space>CURRENCY</cmdty:space>
    <cmdty:id>EUR</cmdty:id>
  </act:commodity>
  <act:commodity-scu>100</act:commodity-scu>
  <act:description>Federal</act:description>
  <act:parent type="guid">913acd94894349c9bb82dc6b58801d43</act:parent>
</gnc:account>
<gnc:account version="2.0.0">
  <act:name>Medicare</act:name>
  <act:id type="guid">8e724445870f4b629eba40b91da633a5</act:id>
  <act:type>EXPENSE</act:type>
  <act:commodity>
    <cmdty:space>CURRENCY</cmdty:space>
    <cmdty:id>EUR</cmdty:id>
  </act:commodity>
  <act:commodity-scu>100</act:commodity-scu>
  <act:description>Medicare</act:description>
  <act:parent type="guid">913acd94894349c9bb82dc6b58801d43</act:parent>
</gnc:account>
<gnc:account version="2.0.0">
  <act:name>Other Tax</act:name>
  <act:id type="guid">8e91e34d74e54f7a880079286b784578</act:id>
  <act:type>EXPENSE</act:type>
  <act:commodity>
    <cmdty:space>CURRENCY</cmdty:space>
    <cmdty:id>EUR</cmdty:id>
  </act:commodity>
  <act:commodity-scu>100</act:commodity-scu>
  <act:description>Other Tax</act:description>
  <act:parent type="guid">913acd94894349c9bb82dc6b58801d43</act:parent>
</gnc:account>
<gnc:account version="2.0.0">
  <act:name>Social Security</act:name>
  <act:id type="guid">32dd3007661e4baf84dc458a526dbe0d</act:id>
  <act:type>EXPENSE</act:type>
  <act:commodity>
    <cmdty:space>CURRENCY</cmdty:space>
    <cmdty:id>EUR</cmdty:id>
  </act:commodity>
  <act:commodity-scu>100</act:commodity-scu>
  <act:description>Social Security</act:description>
  <act:parent type="guid">913acd94894349c9bb82dc6b58801d43</act:parent>
</gnc:account>
<gnc:account version="2.0.0">
  <act:name>State/Province</act:name>
  <act:id type="guid">c16949129b7e4426a6b6f3a7381a56a4</act:id>
  <act:type>EXPENSE</act:type>
  <act:commodity>
    <cmdty:space>CURRENCY</cmdty:space>
    <cmdty:id>EUR</cmdty:id>
  </act:commodity>
  <act:commodity-scu>100</act:commodity-scu>
  <act:description>State/Province</act:description>
  <act:parent type="guid">913acd94894349c9bb82dc6b58801d43</act:parent>
</gnc:account>
<gnc:account version="2.0.0">
  <act:name>Utilities</act:name>
  <act:id type="guid">b1fd7212ab4447f5a7455a05511c3fb3</act:id>
  <act:type>EXPENSE</act:type>
  <act:commodity>
    <cmdty:space>CURRENCY</cmdty:space>
    <cmdty:id>EUR</cmdty:id>
  </act:commodity>
  <act:commodity-scu>100</act:commodity-scu>
  <act:description>Utilities</act:description>
  <act:parent type="guid">41f1b2427d654359bc37d55021f7e38a</act:parent>
</gnc:account>
<gnc:account version="2.0.0">
  <act:name>Electric</act:name>
  <act:id type="guid">0339c1e4a23943b5ba28461b340f4be0</act:id>
  <act:type>EXPENSE</act:type>
  <act:commodity>
    <cmdty:space>CURRENCY</cmdty:space>
    <cmdty:id>EUR</cmdty:id>
  </act:commodity>
  <act:commodity-scu>100</act:commodity-scu>
  <act:description>Electric</act:description>
  <act:parent type="guid">b1fd7212ab4447f5a7455a05511c3fb3</act:parent>
</gnc:account>
<gnc:account version="2.0.0">
  <act:name>Garbage collection</act:name>
  <act:id type="guid">98765e5c455a4f3780d26aefdce32385</act:id>
  <act:type>EXPENSE</act:type>
  <act:commodity>
    <cmdty:space>CURRENCY</cmdty:space>
    <cmdty:id>EUR</cmdty:id>
  </act:commodity>
  <act:commodity-scu>100</act:commodity-scu>
  <act:description>Garbage collection</act:description>
  <act:parent type="guid">b1fd7212ab4447f5a7455a05511c3fb3</act:parent>
</gnc:account>
<gnc:account version="2.0.0">
  <act:name>Gas</act:name>
  <act:id type="guid">6ed6990edb6a446593d0f67aeb6647e7</act:id>
  <act:type>EXPENSE</act:type>
  <act:commodity>
    <cmdty:space>CURRENCY</cmdty:space>
    <cmdty:id>EUR</cmdty:id>
  </act:commodity>
  <act:commodity-scu>100</act:commodity-scu>
  <act:description>Gas</act:description>
  <act:parent type="guid">b1fd7212ab4447f5a7455a05511c3fb3</act:parent>
</gnc:account>
<gnc:account version="2.0.0">
  <act:name>Water</act:name>
  <act:id type="guid">76de4cf763e942679f1c56cddbdab641</act:id>
  <act:type>EXPENSE</act:type>
  <act:commodity>
    <cmdty:space>CURRENCY</cmdty:space>
    <cmdty:id>EUR</cmdty:id>
  </act:commodity>
  <act:commodity-scu>100</act:commodity-scu>
  <act:description>Water</act:description>
  <act:parent type="guid">b1fd7212ab4447f5a7455a05511c3fb3</act:parent>
</gnc:account>
<gnc:account version="2.0.0">
  <act:name>Equity</act:name>
  <act:id type="guid">1f6982538b834d53963a947abeb36344</act:id>
  <act:type>EQUITY</act:type>
  <act:commodity>
    <cmdty:space>CURRENCY</cmdty:space>
    <cmdty:id>EUR</cmdty:id>
  </act:commodity>
  <act:commodity-scu>100</act:commodity-scu>
  <act:description>Equity</act:description>
  <act:slots>
    <slot>
      <slot:key>placeholder</slot:key>
      <slot:value type="string">true</slot:value>
    </slot>
  </act:slots>
  <act:parent type="guid">121045e62ce042faa249f1f997afd5a0</act:parent>
</gnc:account>
<gnc:account version="2.0.0">
  <act:name>Opening Balances</act:name>
  <act:id type="guid">672b67e8299b4a95aa1cf6ce3d450449</act:id>
  <act:type>EQUITY</act:type>
  <act:commodity>
    <cmdty:space>CURRENCY</cmdty:space>
    <cmdty:id>EUR</cmdty:id>
  </act:commodity>
  <act:commodity-scu>100</act:commodity-scu>
  <act:description>Opening Balances</act:description>
  <act:parent type="guid">1f6982538b834d53963a947abeb36344</act:parent>
</gnc:account>
<gnc:transaction version="2.0.0">
  <trn:id type="guid">16b41d22a9294c649ce5f636d7e1e082</trn:id>
  <trn:currency>
    <cmdty:space>CURRENCY</cmdty:space>
    <cmdty:id>EUR</cmdty:id>
  </trn:currency>
  <trn:date-posted>
    <ts:date>2019-06-01 10:59:00 +0000</ts:date>
  </trn:date-posted>
  <trn:date-entered>
    <ts:date>2019-06-13 19:28:29 +0000</ts:date>
  </trn:date-entered>
  <trn:description>salary</trn:description>
  <trn:slots>
    <slot>
      <slot:key>date-posted</slot:key>
      <slot:value type="gdate">
        <gdate>2019-06-01</gdate>
      </slot:value>
    </slot>
  </trn:slots>
  <trn:splits>
    <trn:split>
      <split:id type="guid">83c278b91df24bd99bd2a910527d87b3</split:id>
      <split:reconciled-state>n</split:reconciled-state>
      <split:value>100000/100</split:value>
      <split:quantity>100000/100</split:quantity>
      <split:account type="guid">6536691459e4412fa4f182ba23562efe</split:account>
    </trn:split>
    <trn:split>
      <split:id type="guid">9513f8154aeb49bdb750c80c5ed9ffe0</split:id>
      <split:reconciled-state>n</split:reconciled-state>
      <split:value>-100000/100</split:value>
      <split:quantity>-100000/100</split:quantity>
      <split:account type="guid">f1ad76f73f2e4080bea7da15bcef1ca8</split:account>
    </trn:split>
  </trn:splits>
</gnc:transaction>
<gnc:transaction version="2.0.0">
  <trn:id type="guid">c7d2abf90bbb4df8bfaa25144d89daea</trn:id>
  <trn:currency>
    <cmdty:space>CURRENCY</cmdty:space>
    <cmdty:id>EUR</cmdty:id>
  </trn:currency>
  <trn:date-posted>
    <ts:date>2019-06-05 10:59:00 +0000</ts:date>
  </trn:date-posted>
  <trn:date-entered>
    <ts:date>2019-06-13 19:30:59 +0000</ts:date>
  </trn:date-entered>
  <trn:description>saving</trn:description>
  <trn:slots>
    <slot>
      <slot:key>date-posted</slot:key>
      <slot:value type="gdate">
        <gdate>2019-06-05</gdate>
      </slot:value>
    </slot>
  </trn:slots>
  <trn:splits>
    <trn:split>
      <split:id type="guid">a73ca2a201944218b5ec459de45b095c</split:id>
      <split:reconciled-state>n</split:reconciled-state>
      <split:value>5000/100</split:value>
      <split:quantity>5000/100</split:quantity>
      <split:account type="guid">dbaf132f424c4881bf125353c23b58b0</split:account>
    </trn:split>
    <trn:split>
      <split:id type="guid">5c50cbdcf3594a5bbafe9ad81c8056c9</split:id>
      <split:reconciled-state>n</split:reconciled-state>
      <split:value>-5000/100</split:value>
      <split:quantity>-5000/100</split:quantity>
      <split:account type="guid">6536691459e4412fa4f182ba23562efe</split:account>
    </trn:split>
  </trn:splits>
</gnc:transaction>
<gnc:transaction version="2.0.0">
  <trn:id type="guid">1983058cd4324a2f9fdfed1e6c6b8824</trn:id>
  <trn:currency>
    <cmdty:space>CURRENCY</cmdty:space>
    <cmdty:id>EUR</cmdty:id>
  </trn:currency>
  <trn:num>CB</trn:num>
  <trn:date-posted>
    <ts:date>2019-06-10 10:59:00 +0000</ts:date>
  </trn:date-posted>
  <trn:date-entered>
    <ts:date>2019-06-13 19:30:15 +0000</ts:date>
  </trn:date-entered>
  <trn:description>The Go Programming Language</trn:description>
  <trn:slots>
    <slot>
      <slot:key>date-posted</slot:key>
      <slot:value type="gdate">
        <gdate>2019-06-10</gdate>
      </slot:value>
    </slot>
  </trn:slots>
  <trn:splits>
    <trn:split>
      <split:id type="guid">b45843d63b2244d1bfe649d31e7602d7</split:id>
      <split:reconciled-state>n</split:reconciled-state>
      <split:value>3005/100</split:value>
      <split:quantity>3005/100</split:quantity>
      <split:account type="guid">97c2d5b268164b479944e221ae0267f1</split:account>
    </trn:split>
    <trn:split>
      <split:id type="guid">c69594bac61446a881eaeee6b44f1928</split:id>
      <split:reconciled-state>n</split:reconciled-state>
      <split:value>-3005/100</split:value>
      <split:quantity>-3005/100</split:quantity>
      <split:account type="guid">6536691459e4412fa4f182ba23562efe</split:account>
    </trn:split>
  </trn:splits>
</gnc:transaction>
<gnc:transaction version="2.0.0">
  <trn:id type="guid">fef606186e50414f8a770eb27e9fcce7</trn:id>
  <trn:currency>
    <cmdty:space>CURRENCY</cmdty:space>
    <cmdty:id>EUR</cmdty:id>
  </trn:currency>
  <trn:num>CB</trn:num>
  <trn:date-posted>
    <ts:date>2019-06-13 10:59:00 +0000</ts:date>
  </trn:date-posted>
  <trn:date-entered>
    <ts:date>2019-06-13 19:32:50 +0000</ts:date>
  </trn:date-entered>
  <trn:description>bananas</trn:description>
  <trn:slots>
    <slot>
      <slot:key>date-posted</slot:key>
      <slot:value type="gdate">
        <gdate>2019-06-13</gdate>
      </slot:value>
    </slot>
  </trn:slots>
  <trn:splits>
    <trn:split>
      <split:id type="guid">4c8a4692c55840ffbb9c3024981a33a0</split:id>
      <split:reconciled-state>n</split:reconciled-state>
      <split:value>190/100</split:value>
      <split:quantity>190/100</split:quantity>
      <split:account type="guid">5a4909bbdcd14cfdb52d4eb0b750e67f</split:account>
    </trn:split>
    <trn:split>
      <split:id type="guid">ac5068673810440f989c13ee7f772820</split:id>
      <split:reconciled-state>n</split:reconciled-state>
      <split:value>-190/100</split:value>
      <split:quantity>-190/100</split:quantity>
      <split:account type="guid">6536691459e4412fa4f182ba23562efe</split:account>
    </trn:split>
  </trn:splits>
</gnc:transaction>
<gnc:template-transactions>
<gnc:account version="2.0.0">
  <act:name>Template Root</act:name>
  <act:id type="guid">1fbf0112f12f4f3e815d752455d02230</act:id>
  <act:type>ROOT</act:type>
  <act:commodity>
    <cmdty:space>template</cmdty:space>
    <cmdty:id>template</cmdty:id>
  </act:commodity>
  <act:commodity-scu>1</act:commodity-scu>
</gnc:account>
<gnc:account version="2.0.0">
  <act:name>d4654dce09ac45c4a92e06cdf36c899c</act:name>
  <act:id type="guid">cb70eebb91cd47a3837ebcf0ae10f954</act:id>
  <act:type>BANK</act:type>
  <act:commodity>
    <cmdty:space>template</cmdty:space>
    <cmdty:id>template</cmdty:id>
  </act:commodity>
  <act:commodity-scu>1</act:commodity-scu>
  <act:parent type="guid">1fbf0112f12f4f3e815d752455d02230</act:parent>
</gnc:account>
<gnc:transaction version="2.0.0">
  <trn:id type="guid">bd287d10dfa641d29c20abb46919bd36</trn:id>
  <trn:currency>
    <cmdty:space>CURRENCY</cmdty:space>
    <cmdty:id>EUR</cmdty:id>
  </trn:currency>
  <trn:date-posted>
    <ts:date>2019-06-22 10:59:00 +0000</ts:date>
  </trn:date-posted>
  <trn:date-entered>
    <ts:date>2019-06-22 07:55:16 +0000</ts:date>
  </trn:date-entered>
  <trn:description>Netflix</trn:description>
  <trn:slots>
    <slot>
      <slot:key>date-posted</slot:key>
      <slot:value type="gdate">
        <gdate>2019-06-22</gdate>
      </slot:value>
    </slot>
  </trn:slots>
  <trn:splits>
    <trn:split>
      <split:id type="guid">e67f1f4a4ad9472aa31fc929a7b75b30</split:id>
      <split:reconciled-state>n</split:reconciled-state>
      <split:value>0/100</split:value>
      <split:quantity>0/1</split:quantity>
      <split:account type="guid">cb70eebb91cd47a3837ebcf0ae10f954</split:account>
      <split:slots>
        <slot>
          <slot:key>sched-xaction</slot:key>
          <slot:value type="frame">
            <slot>
              <slot:key>account</slot:key>
              <slot:value type="guid">6536691459e4412fa4f182ba23562efe</slot:value>
            </slot>
            <slot>
              <slot:key>credit-formula</slot:key>
              <slot:value type="string"></slot:value>
            </slot>
            <slot>
              <slot:key>credit-numeric</slot:key>
              <slot:value type="numeric">0/1</slot:value>
            </slot>
            <slot>
              <slot:key>debit-formula</slot:key>
              <slot:value type="string">13</slot:value>
            </slot>
            <slot>
              <slot:key>debit-numeric</slot:key>
              <slot:value type="numeric">13/1</slot:value>
            </slot>
          </slot:value>
        </slot>
      </split:slots>
    </trn:split>
    <trn:split>
      <split:id type="guid">eb510f63d35049d385978bbeec3cc301</split:id>
      <split:reconciled-state>n</split:reconciled-state>
      <split:value>0/100</split:value>
      <split:quantity>0/1</split:quantity>
      <split:account type="guid">cb70eebb91cd47a3837ebcf0ae10f954</split:account>
      <split:slots>
        <slot>
          <slot:key>sched-xaction</slot:key>
          <slot:value type="frame">
            <slot>
              <slot:key>account</slot:key>
              <slot:value type="guid">108c1b3f78524e4ca429a428041d3bfe</slot:value>
            </slot>
            <slot>
              <slot:key>credit-formula</slot:key>
              <slot:value type="string">13</slot:value>
            </slot>
            <slot>
              <slot:key>credit-numeric</slot:key>
              <slot:value type="numeric">13/1</slot:value>
            </slot>
            <slot>
              <slot:key>debit-formula</slot:key>
              <slot:value type="string"></slot:value>
            </slot>
            <slot>
              <slot:key>debit-numeric</slot:key>
              <slot:value type="numeric">0/1</slot:value>
            </slot>
          </slot:value>
        </slot>
      </split:slots>
    </trn:split>
  </trn:splits>
</gnc:transaction>
</gnc:template-transactions>
<gnc:schedxaction version="2.0.0">
  <sx:id type="guid">d4654dce09ac45c4a92e06cdf36c899c</sx:id>
  <sx:name>Netflix</sx:name>
  <sx:enabled>y</sx:enabled>
  <sx:autoCreate>n</sx:autoCreate>
  <sx:autoCreateNotify>n</sx:autoCreateNotify>
  <sx:advanceCreateDays>0</sx:advanceCreateDays>
  <sx:advanceRemindDays>0</sx:advanceRemindDays>
  <sx:instanceCount>1</sx:instanceCount>
  <sx:start>
    <gdate>2019-06-22</gdate>
  </sx:start>
  <sx:templ-acct type="guid">cb70eebb91cd47a3837ebcf0ae10f954</sx:templ-acct>
  <sx:schedule>
    <gnc:recurrence version="1.0.0">
      <recurrence:mult>1</recurrence:mult>
      <recurrence:period_type>month</recurrence:period_type>
      <recurrence:start>
        <gdate>2019-06-10</gdate>
      </recurrence:start>
    </gnc:recurrence>
  </sx:schedule>
</gnc:schedxaction>
</gnc:book>
</gnc-v2>

<!-- Local variables: -->
<!-- mode: xml        -->
<!-- End:             -->
